<record><leader>00000cas a22000007a 4500</leader><controlfield tag="001">18997518</controlfield><controlfield tag="008">890110d19121914paudn ne      0   a0eng d</controlfield><datafield ind1=" " ind2=" " tag="010"><subfield code="a">sn 89077693 </subfield></datafield><datafield ind1=" " ind2=" " tag="040"><subfield code="a">NPH</subfield><subfield code="b">eng</subfield><subfield code="c">NPH</subfield><subfield code="d">OCLCQ</subfield><subfield code="d">DLC</subfield></datafield><datafield ind1="0" ind2=" " tag="022"><subfield code="a">2469-3359</subfield><subfield code="2">1</subfield></datafield><datafield ind1=" " ind2=" " tag="042"><subfield code="a">msc</subfield><subfield code="a">nsdp</subfield></datafield><datafield ind1="1" ind2="0" tag="050"><subfield code="a">ISSN RECORD</subfield></datafield><datafield ind1="1" ind2="0" tag="082"><subfield code="a">071</subfield><subfield code="2">23</subfield></datafield><datafield ind1=" " ind2="4" tag="222"><subfield code="a">The Reading news</subfield><subfield code="b">(Reading, Pa.)</subfield></datafield><datafield ind1="0" ind2="4" tag="245"><subfield code="a">The Reading news.</subfield></datafield><datafield ind1="1" ind2="3" tag="246"><subfield code="a">News</subfield></datafield><datafield ind1=" " ind2=" " tag="260"><subfield code="a">Reading, Pa. :</subfield><subfield code="b">News Corp.,</subfield><subfield code="c">1912-</subfield></datafield><datafield ind1=" " ind2=" " tag="300"><subfield code="a">v. :</subfield><subfield code="b">ill. ;</subfield><subfield code="c">57 cm.</subfield></datafield><datafield ind1=" " ind2=" " tag="310"><subfield code="a">Daily (except Sun.)</subfield></datafield><datafield ind1="0" ind2=" " tag="362"><subfield code="a">Vol. 1, no. 1 (Dec. 13, 1912)-</subfield></datafield><datafield ind1="1" ind2=" " tag="362"><subfield code="a">Ceased in 1914.</subfield></datafield><datafield ind1=" " ind2=" " tag="752"><subfield code="a">United States</subfield><subfield code="b">Pennsylvania</subfield><subfield code="c">Berks</subfield><subfield code="d">Reading.</subfield></datafield><datafield ind1="0" ind2="0" tag="780"><subfield code="t">Reading daily news</subfield><subfield code="x">2469-3367</subfield><subfield code="w">(DLC)sn 89077722</subfield><subfield code="w">(OCoLC)18851195</subfield></datafield><datafield ind1="0" ind2="7" tag="785"><subfield code="t">Reading times (Reading, Pa. : 1881)</subfield><subfield code="x">2469-3286</subfield><subfield code="w">(DLC)sn 86081672</subfield><subfield code="w">(OCoLC)12574692</subfield></datafield><datafield ind1="0" ind2="7" tag="785"><subfield code="t">Reading news-times</subfield><subfield code="x">2469-3413</subfield><subfield code="w">(DLC)sn 85055195</subfield><subfield code="w">(OCoLC)12617852</subfield></datafield></record>